% This file was created with JabRef 2.9.2.
% Encoding: GBK

@INPROCEEDINGS{bahl2000radar,
  author = {Bahl, Paramvir and Padmanabhan, Venkata N},
  title = {RADAR: An in-building RF-based user location and tracking system},
  booktitle = {INFOCOM 2000. Nineteenth Annual Joint Conference of the IEEE Computer
	and Communications Societies. Proceedings. IEEE},
  year = {2000},
  volume = {2},
  pages = {775--784},
  organization = {Ieee},
  review = {iiii}
}

@ARTICLE{,
  author = {Youssef M, Agrawala A. The Horus WLAN location determination system[C]//Proceedings
	of the 3rd international conference on Mobile systems, applications,
	and services. ACM, 2005: 205-218.},
  owner = {Administrator},
  timestamp = {2013.09.23}
}

