% This file was created with JabRef 2.9.2.
% Encoding: GBK

@ARTICLE{yang2010quality,
  author = {Yang, Zheng and Liu, Yunhao},
  title = {Quality of trilateration: Confidence-based iterative localization},
  journal = {Parallel and Distributed Systems, IEEE Transactions on},
  year = {2010},
  volume = {21},
  pages = {631--640},
  number = {5},
  publisher = {IEEE}
}

