% This file was created with JabRef 2.9.2.
% Encoding: GBK

@ARTICLE{kwapisz2011activity,
  author = {Kwapisz, Jennifer R and Weiss, Gary M and Moore, Samuel A},
  title = {Activity recognition using cell phone accelerometers},
  journal = {ACM SIGKDD Explorations Newsletter},
  year = {2011},
  volume = {12},
  pages = {74--82},
  number = {2},
  publisher = {ACM}
}

@INPROCEEDINGS{trung2012inertial,
  author = {Trung, Ngo Thanh and Makihara, Yasushi and Nagahara, Hajime and Mukaigawa,
	Yasuhiro and Yagi, Yasushi},
  title = {Inertial-sensor-based walking action recognition using robust step
	detection and inter-class relationships},
  booktitle = {Pattern Recognition (ICPR), 2012 21st International Conference on},
  year = {2012},
  pages = {3811--3814},
  organization = {IEEE}
}

@INPROCEEDINGS{yang2009toward,
  author = {Yang, Jun},
  title = {Toward physical activity diary: motion recognition using simple acceleration
	features with mobile phones},
  booktitle = {Proceedings of the 1st international workshop on Interactive multimedia
	for consumer electronics},
  year = {2009},
  pages = {1--10},
  organization = {ACM}
}

